@misc{BewegungsanalyseMuenchen,
author = {UNI-MÜNCHEN},
title = {Bewegungsanalyse: Optische Flusse},
howpublished={\url{http://cvpr.uni-muenster.de/teaching/ss09/computerVisionSS09/script/CV08-Bewegungsanalyse.pdf}}
}

@misc{MVSTEREOVISION,
author = {MALIK, HAGEN},
title = {Fast Depth Map Estimation from Stereo
Camera Systems},
howpublished = {paper}
}

@misc{Shi-Tomasi_Wiki,
author = {WIKIPEDIA},
title = {Corner detection},
howpublished={\url{https://en.wikipedia.org/wiki/Corner_detection}}
}


@misc{Shi-Tomasi,
author = {AISHACK},
title = {The Shi-Tomasi Corner Detector},
howpublished={\url{http://www.aishack.in/tutorials/the-shitomasi-corner-detector/}}
}

@misc{FeatureDetection,
author = {Marshall Tappen},
title = {Lecture 5: Feature Detection},
howpublished={\url{http://www.informatikprojekt.de/uploads/dbv_report.pdf}}
}

@misc{Lucas_Kanade,
author = {Eppler, Möbius, Brändle},
title = {Report - Digitale Bildverarbeitung 2014 - Bildfolgenverarbeitung},
howpublished={\url{http://www.cs.ucf.edu/~mtappen/cap5415/lecs/lec5.pdf}}
}

@misc{Lucas_Kanade_TU_dresden,
author = {Patrick Westfeld},
title = {Monokulare menschliche Bewegungsanalyse in
Bildsequenzen},
howpublished={\url{http://tu-dresden.de/die_tu_dresden/fakultaeten/fakultaet_forst_geo_und_hydrowissenschaften/fachrichtung_geowissenschaften/ipf/photogrammetrie/dateien/Westfeld2004.pdf}}
}

@misc{FindFundamentalMat,
author = {OPENCV},
title = {camera_calibration_and_3d_reconstruction},
howpublished={\url{http://docs.opencv.org/modules/calib3d/doc/camera_calibration_and_3d_reconstruction.html#findfundamentalmat}}
}

@misc{HartleyZisserman,
author = {Hartley, Zisserman},
title = {Multiple View Geometry in computer vision},
howpublished={Book: ISBN 978-0-521-54051-3}
}

@misc{SVD_Essential,
author = {Carl Olsson},
title = {Lecture 6: Camera Computation and the Essential Matrix},
howpublished={\url{http://www.maths.lth.se/matematiklth/personal/calle/datorseende13/notes/forelas6.pdf}}
}

@misc{ComputerVision,
author = {Volker Rodehorst},
title = {Lecture Photogrammetric Computer Vision},
howpublished={\url{http://www.uni-weimar.de/fileadmin/user/fak/medien/professuren/Computer_Vision/Downloads/intern/WS/Photogrammetric_Computer_Vision/lecture/09_pcv081214.pdf}}
}

@misc{InteressantesPaper,
author = {Volker Rodehorst, ...},
title = {MInteressantesPaper},
howpublished={\url{todo..}}
}

@misc{ValidEssential,
author = {WIKIPEDIA},
title = {Essential matrix},
howpublished={\url{http://en.wikipedia.org/wiki/Essential_matrix#Properties_of_the_essential_matrix}}
}

@misc{PnP,
author = {Slobodan  Ilić},
title = {TRACKING  and  DETECTION  in  COMPUTER  VISION - Camera  models  and  pose  estimation},
howpublished={\url{http://campar.in.tum.de/twiki/pub/Chair/TeachingWs09MATDCV/camera_models_and_pose_estimation.pdf}}
}

@misc{cloudOrientation,
author = {Carillo, López, Lozano, Pégard},
title = {Combining Stereo Vision and Inertial Navigaion System for a Quad-Rotor UAV},
howpublished={\url{ ... }}
}